%YAML 1.1
%TAG !u! tag:unity3d.com,2011:
--- !u!29 &1
OcclusionCullingSettings:
  m_ObjectHideFlags: 0
  serializedVersion: 2
  m_OcclusionBakeSettings:
    smallestOccluder: 5
    smallestHole: 0.25
    backfaceThreshold: 100
  m_SceneGUID: 00000000000000000000000000000000
  m_OcclusionCullingData: {fileID: 0}
--- !u!104 &2
RenderSettings:
  m_ObjectHideFlags: 0
  serializedVersion: 9
  m_Fog: 0
  m_FogColor: {r: 0.5, g: 0.5, b: 0.5, a: 1}
  m_FogMode: 3
  m_FogDensity: 0.01
  m_LinearFogStart: 0
  m_LinearFogEnd: 300
  m_AmbientSkyColor: {r: 0.212, g: 0.227, b: 0.259, a: 1}
  m_AmbientEquatorColor: {r: 0.114, g: 0.125, b: 0.133, a: 1}
  m_AmbientGroundColor: {r: 0.047, g: 0.043, b: 0.035, a: 1}
  m_AmbientIntensity: 1
  m_AmbientMode: 3
  m_SubtractiveShadowColor: {r: 0.42, g: 0.478, b: 0.627, a: 1}
  m_SkyboxMaterial: {fileID: 0}
  m_HaloStrength: 0.5
  m_FlareStrength: 1
  m_FlareFadeSpeed: 3
  m_HaloTexture: {fileID: 0}
  m_SpotCookie: {fileID: 10001, guid: 0000000000000000e000000000000000, type: 0}
  m_DefaultReflectionMode: 0
  m_DefaultReflectionResolution: 128
  m_ReflectionBounces: 1
  m_ReflectionIntensity: 1
  m_CustomReflection: {fileID: 0}
  m_Sun: {fileID: 0}
  m_IndirectSpecularColor: {r: 0, g: 0, b: 0, a: 1}
  m_UseRadianceAmbientProbe: 0
--- !u!157 &3
LightmapSettings:
  m_ObjectHideFlags: 0
  serializedVersion: 11
  m_GIWorkflowMode: 1
  m_GISettings:
    serializedVersion: 2
    m_BounceScale: 1
    m_IndirectOutputScale: 1
    m_AlbedoBoost: 1
    m_TemporalCoherenceThreshold: 1
    m_EnvironmentLightingMode: 0
    m_EnableBakedLightmaps: 0
    m_EnableRealtimeLightmaps: 0
  m_LightmapEditorSettings:
    serializedVersion: 10
    m_Resolution: 2
    m_BakeResolution: 40
    m_AtlasSize: 1024
    m_AO: 0
    m_AOMaxDistance: 1
    m_CompAOExponent: 1
    m_CompAOExponentDirect: 0
    m_Padding: 2
    m_LightmapParameters: {fileID: 0}
    m_LightmapsBakeMode: 1
    m_TextureCompression: 1
    m_FinalGather: 0
    m_FinalGatherFiltering: 1
    m_FinalGatherRayCount: 256
    m_ReflectionCompression: 2
    m_MixedBakeMode: 2
    m_BakeBackend: 0
    m_PVRSampling: 1
    m_PVRDirectSampleCount: 32
    m_PVRSampleCount: 500
    m_PVRBounces: 2
    m_PVRFilterTypeDirect: 0
    m_PVRFilterTypeIndirect: 0
    m_PVRFilterTypeAO: 0
    m_PVRFilteringMode: 1
    m_PVRCulling: 1
    m_PVRFilteringGaussRadiusDirect: 1
    m_PVRFilteringGaussRadiusIndirect: 5
    m_PVRFilteringGaussRadiusAO: 2
    m_PVRFilteringAtrousPositionSigmaDirect: 0.5
    m_PVRFilteringAtrousPositionSigmaIndirect: 2
    m_PVRFilteringAtrousPositionSigmaAO: 1
    m_ShowResolutionOverlay: 1
  m_LightingDataAsset: {fileID: 0}
  m_UseShadowmask: 1
--- !u!196 &4
NavMeshSettings:
  serializedVersion: 2
  m_ObjectHideFlags: 0
  m_BuildSettings:
    serializedVersion: 2
    agentTypeID: 0
    agentRadius: 0.5
    agentHeight: 2
    agentSlope: 45
    agentClimb: 0.4
    ledgeDropHeight: 0
    maxJumpAcrossDistance: 0
    minRegionArea: 2
    manualCellSize: 0
    cellSize: 0.16666667
    manualTileSize: 0
    tileSize: 256
    accuratePlacement: 0
    debug:
      m_Flags: 0
  m_NavMeshData: {fileID: 0}
--- !u!1001 &48672361
Prefab:
  m_ObjectHideFlags: 0
  serializedVersion: 2
  m_Modification:
    m_TransformParent: {fileID: 2143425750}
    m_Modifications:
    - target: {fileID: 224738027473246702, guid: 47ca04b4d5e2e7c4cb8022e4c1e6936b,
        type: 2}
      propertyPath: m_LocalPosition.x
      value: 0
      objectReference: {fileID: 0}
    - target: {fileID: 224738027473246702, guid: 47ca04b4d5e2e7c4cb8022e4c1e6936b,
        type: 2}
      propertyPath: m_LocalPosition.y
      value: 0
      objectReference: {fileID: 0}
    - target: {fileID: 224738027473246702, guid: 47ca04b4d5e2e7c4cb8022e4c1e6936b,
        type: 2}
      propertyPath: m_LocalPosition.z
      value: 0
      objectReference: {fileID: 0}
    - target: {fileID: 224738027473246702, guid: 47ca04b4d5e2e7c4cb8022e4c1e6936b,
        type: 2}
      propertyPath: m_LocalRotation.x
      value: -0
      objectReference: {fileID: 0}
    - target: {fileID: 224738027473246702, guid: 47ca04b4d5e2e7c4cb8022e4c1e6936b,
        type: 2}
      propertyPath: m_LocalRotation.y
      value: -0
      objectReference: {fileID: 0}
    - target: {fileID: 224738027473246702, guid: 47ca04b4d5e2e7c4cb8022e4c1e6936b,
        type: 2}
      propertyPath: m_LocalRotation.z
      value: -0
      objectReference: {fileID: 0}
    - target: {fileID: 224738027473246702, guid: 47ca04b4d5e2e7c4cb8022e4c1e6936b,
        type: 2}
      propertyPath: m_LocalRotation.w
      value: 1
      objectReference: {fileID: 0}
    - target: {fileID: 224738027473246702, guid: 47ca04b4d5e2e7c4cb8022e4c1e6936b,
        type: 2}
      propertyPath: m_RootOrder
      value: 5
      objectReference: {fileID: 0}
    - target: {fileID: 224738027473246702, guid: 47ca04b4d5e2e7c4cb8022e4c1e6936b,
        type: 2}
      propertyPath: m_AnchoredPosition.x
      value: 0
      objectReference: {fileID: 0}
    - target: {fileID: 224738027473246702, guid: 47ca04b4d5e2e7c4cb8022e4c1e6936b,
        type: 2}
      propertyPath: m_AnchoredPosition.y
      value: 0
      objectReference: {fileID: 0}
    - target: {fileID: 224738027473246702, guid: 47ca04b4d5e2e7c4cb8022e4c1e6936b,
        type: 2}
      propertyPath: m_SizeDelta.x
      value: 0
      objectReference: {fileID: 0}
    - target: {fileID: 224738027473246702, guid: 47ca04b4d5e2e7c4cb8022e4c1e6936b,
        type: 2}
      propertyPath: m_SizeDelta.y
      value: 0
      objectReference: {fileID: 0}
    - target: {fileID: 224738027473246702, guid: 47ca04b4d5e2e7c4cb8022e4c1e6936b,
        type: 2}
      propertyPath: m_AnchorMin.x
      value: 0.25
      objectReference: {fileID: 0}
    - target: {fileID: 224738027473246702, guid: 47ca04b4d5e2e7c4cb8022e4c1e6936b,
        type: 2}
      propertyPath: m_AnchorMin.y
      value: 0.05
      objectReference: {fileID: 0}
    - target: {fileID: 224738027473246702, guid: 47ca04b4d5e2e7c4cb8022e4c1e6936b,
        type: 2}
      propertyPath: m_AnchorMax.x
      value: 0.75
      objectReference: {fileID: 0}
    - target: {fileID: 224738027473246702, guid: 47ca04b4d5e2e7c4cb8022e4c1e6936b,
        type: 2}
      propertyPath: m_AnchorMax.y
      value: 0.2
      objectReference: {fileID: 0}
    - target: {fileID: 224738027473246702, guid: 47ca04b4d5e2e7c4cb8022e4c1e6936b,
        type: 2}
      propertyPath: m_Pivot.x
      value: 0.5
      objectReference: {fileID: 0}
    - target: {fileID: 224738027473246702, guid: 47ca04b4d5e2e7c4cb8022e4c1e6936b,
        type: 2}
      propertyPath: m_Pivot.y
      value: 0.5
      objectReference: {fileID: 0}
    - target: {fileID: 114460300837208986, guid: 47ca04b4d5e2e7c4cb8022e4c1e6936b,
        type: 2}
      propertyPath: m_OnClick.m_PersistentCalls.m_Calls.Array.data[0].m_Target
      value: 
      objectReference: {fileID: 874801359}
    - target: {fileID: 114970294663809234, guid: 47ca04b4d5e2e7c4cb8022e4c1e6936b,
        type: 2}
      propertyPath: m_Color.r
      value: 0.014705896
      objectReference: {fileID: 0}
    - target: {fileID: 114970294663809234, guid: 47ca04b4d5e2e7c4cb8022e4c1e6936b,
        type: 2}
      propertyPath: m_Color.g
      value: 1
      objectReference: {fileID: 0}
    - target: {fileID: 114970294663809234, guid: 47ca04b4d5e2e7c4cb8022e4c1e6936b,
        type: 2}
      propertyPath: m_Color.b
      value: 0
      objectReference: {fileID: 0}
    - target: {fileID: 1242452919850870, guid: 47ca04b4d5e2e7c4cb8022e4c1e6936b, type: 2}
      propertyPath: m_IsActive
      value: 0
      objectReference: {fileID: 0}
    - target: {fileID: 114460300837208986, guid: 47ca04b4d5e2e7c4cb8022e4c1e6936b,
        type: 2}
      propertyPath: m_OnClick.m_PersistentCalls.m_Calls.Array.data[0].m_MethodName
      value: ExitApplication
      objectReference: {fileID: 0}
    m_RemovedComponents: []
  m_ParentPrefab: {fileID: 100100000, guid: 47ca04b4d5e2e7c4cb8022e4c1e6936b, type: 2}
  m_IsPrefabParent: 0
--- !u!224 &48672362 stripped
RectTransform:
  m_PrefabParentObject: {fileID: 224738027473246702, guid: 47ca04b4d5e2e7c4cb8022e4c1e6936b,
    type: 2}
  m_PrefabInternal: {fileID: 48672361}
--- !u!1001 &257461946
Prefab:
  m_ObjectHideFlags: 0
  serializedVersion: 2
  m_Modification:
    m_TransformParent: {fileID: 2143425750}
    m_Modifications:
    - target: {fileID: 224533829965708562, guid: 0c016842ea0dd2140b63c6dc6d70608d,
        type: 2}
      propertyPath: m_LocalPosition.x
      value: 0
      objectReference: {fileID: 0}
    - target: {fileID: 224533829965708562, guid: 0c016842ea0dd2140b63c6dc6d70608d,
        type: 2}
      propertyPath: m_LocalPosition.y
      value: 0
      objectReference: {fileID: 0}
    - target: {fileID: 224533829965708562, guid: 0c016842ea0dd2140b63c6dc6d70608d,
        type: 2}
      propertyPath: m_LocalPosition.z
      value: 0
      objectReference: {fileID: 0}
    - target: {fileID: 224533829965708562, guid: 0c016842ea0dd2140b63c6dc6d70608d,
        type: 2}
      propertyPath: m_LocalRotation.x
      value: -0
      objectReference: {fileID: 0}
    - target: {fileID: 224533829965708562, guid: 0c016842ea0dd2140b63c6dc6d70608d,
        type: 2}
      propertyPath: m_LocalRotation.y
      value: -0
      objectReference: {fileID: 0}
    - target: {fileID: 224533829965708562, guid: 0c016842ea0dd2140b63c6dc6d70608d,
        type: 2}
      propertyPath: m_LocalRotation.z
      value: -0
      objectReference: {fileID: 0}
    - target: {fileID: 224533829965708562, guid: 0c016842ea0dd2140b63c6dc6d70608d,
        type: 2}
      propertyPath: m_LocalRotation.w
      value: 1
      objectReference: {fileID: 0}
    - target: {fileID: 224533829965708562, guid: 0c016842ea0dd2140b63c6dc6d70608d,
        type: 2}
      propertyPath: m_RootOrder
      value: 2
      objectReference: {fileID: 0}
    - target: {fileID: 224533829965708562, guid: 0c016842ea0dd2140b63c6dc6d70608d,
        type: 2}
      propertyPath: m_AnchoredPosition.x
      value: 0
      objectReference: {fileID: 0}
    - target: {fileID: 224533829965708562, guid: 0c016842ea0dd2140b63c6dc6d70608d,
        type: 2}
      propertyPath: m_AnchoredPosition.y
      value: 0
      objectReference: {fileID: 0}
    - target: {fileID: 224533829965708562, guid: 0c016842ea0dd2140b63c6dc6d70608d,
        type: 2}
      propertyPath: m_SizeDelta.x
      value: 0
      objectReference: {fileID: 0}
    - target: {fileID: 224533829965708562, guid: 0c016842ea0dd2140b63c6dc6d70608d,
        type: 2}
      propertyPath: m_SizeDelta.y
      value: 0
      objectReference: {fileID: 0}
    - target: {fileID: 224533829965708562, guid: 0c016842ea0dd2140b63c6dc6d70608d,
        type: 2}
      propertyPath: m_AnchorMin.x
      value: 0.1
      objectReference: {fileID: 0}
    - target: {fileID: 224533829965708562, guid: 0c016842ea0dd2140b63c6dc6d70608d,
        type: 2}
      propertyPath: m_AnchorMin.y
      value: 0.3
      objectReference: {fileID: 0}
    - target: {fileID: 224533829965708562, guid: 0c016842ea0dd2140b63c6dc6d70608d,
        type: 2}
      propertyPath: m_AnchorMax.x
      value: 0.9
      objectReference: {fileID: 0}
    - target: {fileID: 224533829965708562, guid: 0c016842ea0dd2140b63c6dc6d70608d,
        type: 2}
      propertyPath: m_AnchorMax.y
      value: 0.7
      objectReference: {fileID: 0}
    - target: {fileID: 224533829965708562, guid: 0c016842ea0dd2140b63c6dc6d70608d,
        type: 2}
      propertyPath: m_Pivot.x
      value: 0.5
      objectReference: {fileID: 0}
    - target: {fileID: 224533829965708562, guid: 0c016842ea0dd2140b63c6dc6d70608d,
        type: 2}
      propertyPath: m_Pivot.y
      value: 0.5
      objectReference: {fileID: 0}
    - target: {fileID: 224096795283780436, guid: 0c016842ea0dd2140b63c6dc6d70608d,
        type: 2}
      propertyPath: m_LocalPosition.y
      value: 0
      objectReference: {fileID: 0}
    - target: {fileID: 224135698876857208, guid: 0c016842ea0dd2140b63c6dc6d70608d,
        type: 2}
      propertyPath: m_LocalPosition.y
      value: 0
      objectReference: {fileID: 0}
    - target: {fileID: 1376827641778468, guid: 0c016842ea0dd2140b63c6dc6d70608d, type: 2}
      propertyPath: m_IsActive
      value: 0
      objectReference: {fileID: 0}
    m_RemovedComponents: []
  m_ParentPrefab: {fileID: 100100000, guid: 0c016842ea0dd2140b63c6dc6d70608d, type: 2}
  m_IsPrefabParent: 0
--- !u!224 &257461947 stripped
RectTransform:
  m_PrefabParentObject: {fileID: 224533829965708562, guid: 0c016842ea0dd2140b63c6dc6d70608d,
    type: 2}
  m_PrefabInternal: {fileID: 257461946}
--- !u!1 &257461948 stripped
GameObject:
  m_PrefabParentObject: {fileID: 1376827641778468, guid: 0c016842ea0dd2140b63c6dc6d70608d,
    type: 2}
  m_PrefabInternal: {fileID: 257461946}
--- !u!1 &394502021
GameObject:
  m_ObjectHideFlags: 0
  m_PrefabParentObject: {fileID: 0}
  m_PrefabInternal: {fileID: 0}
  serializedVersion: 5
  m_Component:
  - component: {fileID: 394502023}
  - component: {fileID: 394502022}
  - component: {fileID: 394502024}
  - component: {fileID: 394502025}
  m_Layer: 0
  m_Name: scratch
  m_TagString: Untagged
  m_Icon: {fileID: 0}
  m_NavMeshLayer: 0
  m_StaticEditorFlags: 0
  m_IsActive: 1
--- !u!212 &394502022
SpriteRenderer:
  m_ObjectHideFlags: 0
  m_PrefabParentObject: {fileID: 0}
  m_PrefabInternal: {fileID: 0}
  m_GameObject: {fileID: 394502021}
  m_Enabled: 1
  m_CastShadows: 0
  m_ReceiveShadows: 0
  m_DynamicOccludee: 1
  m_MotionVectors: 1
  m_LightProbeUsage: 1
  m_ReflectionProbeUsage: 1
  m_RenderingLayerMask: 4294967295
  m_Materials:
  - {fileID: 10754, guid: 0000000000000000f000000000000000, type: 0}
  m_StaticBatchInfo:
    firstSubMesh: 0
    subMeshCount: 0
  m_StaticBatchRoot: {fileID: 0}
  m_ProbeAnchor: {fileID: 0}
  m_LightProbeVolumeOverride: {fileID: 0}
  m_ScaleInLightmap: 1
  m_PreserveUVs: 0
  m_IgnoreNormalsForChartDetection: 0
  m_ImportantGI: 0
  m_StitchLightmapSeams: 0
  m_SelectedEditorRenderState: 0
  m_MinimumChartSize: 4
  m_AutoUVMaxDistance: 0.5
  m_AutoUVMaxAngle: 89
  m_LightmapParameters: {fileID: 0}
  m_SortingLayerID: 0
  m_SortingLayer: 0
  m_SortingOrder: 5
  m_Sprite: {fileID: 21300000, guid: c475759b3e4833743b54ff8ad9f318fa, type: 3}
  m_Color: {r: 1, g: 1, b: 1, a: 1}
  m_FlipX: 0
  m_FlipY: 0
  m_DrawMode: 0
  m_Size: {x: 6.4, y: 10.44}
  m_AdaptiveModeThreshold: 0.5
  m_SpriteTileMode: 0
  m_WasSpriteAssigned: 1
  m_MaskInteraction: 2
--- !u!4 &394502023
Transform:
  m_ObjectHideFlags: 0
  m_PrefabParentObject: {fileID: 0}
  m_PrefabInternal: {fileID: 0}
  m_GameObject: {fileID: 394502021}
  m_LocalRotation: {x: 0, y: 0, z: 0, w: 1}
  m_LocalPosition: {x: 0, y: 0, z: 0}
  m_LocalScale: {x: 1.1, y: 1.1, z: 1}
  m_Children:
  - {fileID: 1016111967}
  - {fileID: 1296441634}
  - {fileID: 1712501723}
  m_Father: {fileID: 0}
  m_RootOrder: 3
  m_LocalEulerAnglesHint: {x: 0, y: 0, z: 0}
--- !u!61 &394502024
BoxCollider2D:
  m_ObjectHideFlags: 0
  m_PrefabParentObject: {fileID: 0}
  m_PrefabInternal: {fileID: 0}
  m_GameObject: {fileID: 394502021}
  m_Enabled: 1
  m_Density: 1
  m_Material: {fileID: 0}
  m_IsTrigger: 0
  m_UsedByEffector: 0
  m_UsedByComposite: 0
  m_Offset: {x: 0, y: 0}
  m_SpriteTilingProperty:
    border: {x: 0, y: 0, z: 0, w: 0}
    pivot: {x: 0.5, y: 0.5}
    oldSize: {x: 9.5, y: 12.51}
    newSize: {x: 6.4, y: 10.44}
    adaptiveTilingThreshold: 0.5
    drawMode: 0
    adaptiveTiling: 0
  m_AutoTiling: 0
  serializedVersion: 2
  m_Size: {x: 6.4, y: 10.44}
  m_EdgeRadius: 0
--- !u!114 &394502025
MonoBehaviour:
  m_ObjectHideFlags: 0
  m_PrefabParentObject: {fileID: 0}
  m_PrefabInternal: {fileID: 0}
  m_GameObject: {fileID: 394502021}
  m_Enabled: 1
  m_EditorHideFlags: 0
  m_Script: {fileID: 11500000, guid: 9f8c7d9c420da514d994263d48383970, type: 3}
  m_Name: 
  m_EditorClassIdentifier: 
  mask: {fileID: 1326197396969664, guid: 579bafa3df47ae64fb2acd9f782ed06a, type: 2}
  ui: {fileID: 874801359}
  post: {fileID: 1820033419}
--- !u!1 &426759330
GameObject:
  m_ObjectHideFlags: 0
  m_PrefabParentObject: {fileID: 0}
  m_PrefabInternal: {fileID: 0}
  serializedVersion: 5
  m_Component:
  - component: {fileID: 426759334}
  - component: {fileID: 426759333}
  - component: {fileID: 426759332}
  - component: {fileID: 426759331}
  m_Layer: 0
  m_Name: Main Camera
  m_TagString: MainCamera
  m_Icon: {fileID: 0}
  m_NavMeshLayer: 0
  m_StaticEditorFlags: 0
  m_IsActive: 1
--- !u!81 &426759331
AudioListener:
  m_ObjectHideFlags: 0
  m_PrefabParentObject: {fileID: 0}
  m_PrefabInternal: {fileID: 0}
  m_GameObject: {fileID: 426759330}
  m_Enabled: 1
--- !u!124 &426759332
Behaviour:
  m_ObjectHideFlags: 0
  m_PrefabParentObject: {fileID: 0}
  m_PrefabInternal: {fileID: 0}
  m_GameObject: {fileID: 426759330}
  m_Enabled: 1
--- !u!20 &426759333
Camera:
  m_ObjectHideFlags: 0
  m_PrefabParentObject: {fileID: 0}
  m_PrefabInternal: {fileID: 0}
  m_GameObject: {fileID: 426759330}
  m_Enabled: 1
  serializedVersion: 2
  m_ClearFlags: 1
  m_BackGroundColor: {r: 0.19215687, g: 0.3019608, b: 0.4745098, a: 0}
  m_NormalizedViewPortRect:
    serializedVersion: 2
    x: 0
    y: 0
    width: 1
    height: 1
  near clip plane: 0.3
  far clip plane: 1000
  field of view: 66
  orthographic: 1
  orthographic size: 6
  m_Depth: -1
  m_CullingMask:
    serializedVersion: 2
    m_Bits: 4294967295
  m_RenderingPath: -1
  m_TargetTexture: {fileID: 0}
  m_TargetDisplay: 0
  m_TargetEye: 3
  m_HDR: 1
  m_AllowMSAA: 1
  m_AllowDynamicResolution: 0
  m_ForceIntoRT: 0
  m_OcclusionCulling: 1
  m_StereoConvergence: 10
  m_StereoSeparation: 0.022
--- !u!4 &426759334
Transform:
  m_ObjectHideFlags: 0
  m_PrefabParentObject: {fileID: 0}
  m_PrefabInternal: {fileID: 0}
  m_GameObject: {fileID: 426759330}
  m_LocalRotation: {x: 0, y: 0, z: 0, w: 1}
  m_LocalPosition: {x: 0, y: 0, z: -10}
  m_LocalScale: {x: 1, y: 1, z: 1}
  m_Children: []
  m_Father: {fileID: 0}
  m_RootOrder: 0
  m_LocalEulerAnglesHint: {x: 0, y: 0, z: 0}
--- !u!4 &458164658 stripped
Transform:
  m_PrefabParentObject: {fileID: 4882845522884258, guid: 327983176a01f6244aba4e2585d040d1,
    type: 2}
  m_PrefabInternal: {fileID: 933299501}
--- !u!1 &768632004
GameObject:
  m_ObjectHideFlags: 0
  m_PrefabParentObject: {fileID: 0}
  m_PrefabInternal: {fileID: 0}
  serializedVersion: 5
  m_Component:
  - component: {fileID: 768632005}
  - component: {fileID: 768632006}
  m_Layer: 0
  m_Name: confetti
  m_TagString: Untagged
  m_Icon: {fileID: 0}
  m_NavMeshLayer: 0
  m_StaticEditorFlags: 0
  m_IsActive: 0
--- !u!4 &768632005
Transform:
  m_ObjectHideFlags: 0
  m_PrefabParentObject: {fileID: 0}
  m_PrefabInternal: {fileID: 0}
  m_GameObject: {fileID: 768632004}
  m_LocalRotation: {x: -0, y: -0, z: -0, w: 1}
  m_LocalPosition: {x: 0, y: 3.7, z: 0}
  m_LocalScale: {x: 0.22727273, y: 0.22727273, z: 1}
  m_Children: []
  m_Father: {fileID: 1101619521}
  m_RootOrder: 1
  m_LocalEulerAnglesHint: {x: 0, y: 0, z: 0}
--- !u!212 &768632006
SpriteRenderer:
  m_ObjectHideFlags: 0
  m_PrefabParentObject: {fileID: 0}
  m_PrefabInternal: {fileID: 0}
  m_GameObject: {fileID: 768632004}
  m_Enabled: 1
  m_CastShadows: 0
  m_ReceiveShadows: 0
  m_DynamicOccludee: 1
  m_MotionVectors: 1
  m_LightProbeUsage: 1
  m_ReflectionProbeUsage: 1
  m_RenderingLayerMask: 4294967295
  m_Materials:
  - {fileID: 10754, guid: 0000000000000000f000000000000000, type: 0}
  m_StaticBatchInfo:
    firstSubMesh: 0
    subMeshCount: 0
  m_StaticBatchRoot: {fileID: 0}
  m_ProbeAnchor: {fileID: 0}
  m_LightProbeVolumeOverride: {fileID: 0}
  m_ScaleInLightmap: 1
  m_PreserveUVs: 0
  m_IgnoreNormalsForChartDetection: 0
  m_ImportantGI: 0
  m_StitchLightmapSeams: 0
  m_SelectedEditorRenderState: 0
  m_MinimumChartSize: 4
  m_AutoUVMaxDistance: 0.5
  m_AutoUVMaxAngle: 89
  m_LightmapParameters: {fileID: 0}
  m_SortingLayerID: 0
  m_SortingLayer: 0
  m_SortingOrder: 2
  m_Sprite: {fileID: 21300000, guid: 2608199294592514b8f3f460d97f19bf, type: 3}
  m_Color: {r: 1, g: 1, b: 1, a: 1}
  m_FlipX: 0
  m_FlipY: 0
  m_DrawMode: 0
  m_Size: {x: 32.83, y: 28.97}
  m_AdaptiveModeThreshold: 0.5
  m_SpriteTileMode: 0
  m_WasSpriteAssigned: 1
  m_MaskInteraction: 0
--- !u!1 &874801358
GameObject:
  m_ObjectHideFlags: 0
  m_PrefabParentObject: {fileID: 0}
  m_PrefabInternal: {fileID: 0}
  serializedVersion: 5
  m_Component:
  - component: {fileID: 874801361}
  - component: {fileID: 874801360}
  - component: {fileID: 874801359}
  m_Layer: 0
  m_Name: GameManager
  m_TagString: Untagged
  m_Icon: {fileID: 0}
  m_NavMeshLayer: 0
  m_StaticEditorFlags: 0
  m_IsActive: 1
--- !u!114 &874801359
MonoBehaviour:
  m_ObjectHideFlags: 0
  m_PrefabParentObject: {fileID: 0}
  m_PrefabInternal: {fileID: 0}
  m_GameObject: {fileID: 874801358}
  m_Enabled: 1
  m_EditorHideFlags: 0
  m_Script: {fileID: 11500000, guid: 5a39a5a655e188746aad9c7cc2b4e3d0, type: 3}
  m_Name: 
  m_EditorClassIdentifier: 
  winnerBox: {fileID: 1549251450}
  loserBox: {fileID: 955972832}
  AlreadyPlayedBox: {fileID: 257461948}
  confetti: {fileID: 768632004}
  RevealAllMask: {fileID: 1748543098}
  backgroundImage: {fileID: 1735823535}
  winnerBgr: {fileID: 21300000, guid: 76d4796b49080de458c190291a6e7b9b, type: 3}
  loserBgr: {fileID: 21300000, guid: d08866b75202e2f4baaeb7d9e10cebf6, type: 3}
  date: 
  canPlay: 0
--- !u!212 &874801360
SpriteRenderer:
  m_ObjectHideFlags: 0
  m_PrefabParentObject: {fileID: 0}
  m_PrefabInternal: {fileID: 0}
  m_GameObject: {fileID: 874801358}
  m_Enabled: 1
  m_CastShadows: 0
  m_ReceiveShadows: 0
  m_DynamicOccludee: 1
  m_MotionVectors: 1
  m_LightProbeUsage: 1
  m_ReflectionProbeUsage: 1
  m_RenderingLayerMask: 4294967295
  m_Materials:
  - {fileID: 10754, guid: 0000000000000000f000000000000000, type: 0}
  m_StaticBatchInfo:
    firstSubMesh: 0
    subMeshCount: 0
  m_StaticBatchRoot: {fileID: 0}
  m_ProbeAnchor: {fileID: 0}
  m_LightProbeVolumeOverride: {fileID: 0}
  m_ScaleInLightmap: 1
  m_PreserveUVs: 0
  m_IgnoreNormalsForChartDetection: 0
  m_ImportantGI: 0
  m_StitchLightmapSeams: 0
  m_SelectedEditorRenderState: 0
  m_MinimumChartSize: 4
  m_AutoUVMaxDistance: 0.5
  m_AutoUVMaxAngle: 89
  m_LightmapParameters: {fileID: 0}
  m_SortingLayerID: 0
  m_SortingLayer: 0
  m_SortingOrder: 0
  m_Sprite: {fileID: 21300000, guid: 97a0e585b8795b9468aa20f225b878da, type: 3}
  m_Color: {r: 0, g: 0, b: 0, a: 1}
  m_FlipX: 0
  m_FlipY: 0
  m_DrawMode: 0
  m_Size: {x: 2.31, y: 2.84}
  m_AdaptiveModeThreshold: 0.5
  m_SpriteTileMode: 0
  m_WasSpriteAssigned: 1
  m_MaskInteraction: 0
--- !u!4 &874801361
Transform:
  m_ObjectHideFlags: 0
  m_PrefabParentObject: {fileID: 0}
  m_PrefabInternal: {fileID: 0}
  m_GameObject: {fileID: 874801358}
  m_LocalRotation: {x: 0, y: 0, z: 0, w: 1}
  m_LocalPosition: {x: 0, y: 0, z: 0}
  m_LocalScale: {x: 3, y: 3, z: 1}
  m_Children: []
  m_Father: {fileID: 0}
  m_RootOrder: 1
  m_LocalEulerAnglesHint: {x: 0, y: 0, z: 0}
--- !u!1001 &933299501
Prefab:
  m_ObjectHideFlags: 0
  serializedVersion: 2
  m_Modification:
    m_TransformParent: {fileID: 1101619521}
    m_Modifications:
    - target: {fileID: 4882845522884258, guid: 327983176a01f6244aba4e2585d040d1, type: 2}
      propertyPath: m_LocalPosition.x
      value: -1.5
      objectReference: {fileID: 0}
    - target: {fileID: 4882845522884258, guid: 327983176a01f6244aba4e2585d040d1, type: 2}
      propertyPath: m_LocalPosition.y
      value: 4.818182
      objectReference: {fileID: 0}
    - target: {fileID: 4882845522884258, guid: 327983176a01f6244aba4e2585d040d1, type: 2}
      propertyPath: m_LocalPosition.z
      value: -1
      objectReference: {fileID: 0}
    - target: {fileID: 4882845522884258, guid: 327983176a01f6244aba4e2585d040d1, type: 2}
      propertyPath: m_LocalRotation.x
      value: -0
      objectReference: {fileID: 0}
    - target: {fileID: 4882845522884258, guid: 327983176a01f6244aba4e2585d040d1, type: 2}
      propertyPath: m_LocalRotation.y
      value: -0
      objectReference: {fileID: 0}
    - target: {fileID: 4882845522884258, guid: 327983176a01f6244aba4e2585d040d1, type: 2}
      propertyPath: m_LocalRotation.z
      value: -0
      objectReference: {fileID: 0}
    - target: {fileID: 4882845522884258, guid: 327983176a01f6244aba4e2585d040d1, type: 2}
      propertyPath: m_LocalRotation.w
      value: 1
      objectReference: {fileID: 0}
    - target: {fileID: 4882845522884258, guid: 327983176a01f6244aba4e2585d040d1, type: 2}
      propertyPath: m_RootOrder
      value: 2
      objectReference: {fileID: 0}
    - target: {fileID: 114465231103901634, guid: 327983176a01f6244aba4e2585d040d1,
        type: 2}
      propertyPath: ui
      value: 
      objectReference: {fileID: 874801359}
    m_RemovedComponents: []
  m_ParentPrefab: {fileID: 100100000, guid: 327983176a01f6244aba4e2585d040d1, type: 2}
  m_IsPrefabParent: 0
--- !u!1001 &955972830
Prefab:
  m_ObjectHideFlags: 0
  serializedVersion: 2
  m_Modification:
    m_TransformParent: {fileID: 2143425750}
    m_Modifications:
    - target: {fileID: 224409315723115670, guid: a21dbdc30dfb2cf4388d053a1f37531b,
        type: 2}
      propertyPath: m_LocalPosition.x
      value: 0
      objectReference: {fileID: 0}
    - target: {fileID: 224409315723115670, guid: a21dbdc30dfb2cf4388d053a1f37531b,
        type: 2}
      propertyPath: m_LocalPosition.y
      value: 0
      objectReference: {fileID: 0}
    - target: {fileID: 224409315723115670, guid: a21dbdc30dfb2cf4388d053a1f37531b,
        type: 2}
      propertyPath: m_LocalPosition.z
      value: 0
      objectReference: {fileID: 0}
    - target: {fileID: 224409315723115670, guid: a21dbdc30dfb2cf4388d053a1f37531b,
        type: 2}
      propertyPath: m_LocalRotation.x
      value: -0
      objectReference: {fileID: 0}
    - target: {fileID: 224409315723115670, guid: a21dbdc30dfb2cf4388d053a1f37531b,
        type: 2}
      propertyPath: m_LocalRotation.y
      value: -0
      objectReference: {fileID: 0}
    - target: {fileID: 224409315723115670, guid: a21dbdc30dfb2cf4388d053a1f37531b,
        type: 2}
      propertyPath: m_LocalRotation.z
      value: -0
      objectReference: {fileID: 0}
    - target: {fileID: 224409315723115670, guid: a21dbdc30dfb2cf4388d053a1f37531b,
        type: 2}
      propertyPath: m_LocalRotation.w
      value: 1
      objectReference: {fileID: 0}
    - target: {fileID: 224409315723115670, guid: a21dbdc30dfb2cf4388d053a1f37531b,
        type: 2}
      propertyPath: m_RootOrder
      value: 1
      objectReference: {fileID: 0}
    - target: {fileID: 224409315723115670, guid: a21dbdc30dfb2cf4388d053a1f37531b,
        type: 2}
      propertyPath: m_AnchoredPosition.x
      value: 0
      objectReference: {fileID: 0}
    - target: {fileID: 224409315723115670, guid: a21dbdc30dfb2cf4388d053a1f37531b,
        type: 2}
      propertyPath: m_AnchoredPosition.y
      value: 0
      objectReference: {fileID: 0}
    - target: {fileID: 224409315723115670, guid: a21dbdc30dfb2cf4388d053a1f37531b,
        type: 2}
      propertyPath: m_SizeDelta.x
      value: 0
      objectReference: {fileID: 0}
    - target: {fileID: 224409315723115670, guid: a21dbdc30dfb2cf4388d053a1f37531b,
        type: 2}
      propertyPath: m_SizeDelta.y
      value: 0
      objectReference: {fileID: 0}
    - target: {fileID: 224409315723115670, guid: a21dbdc30dfb2cf4388d053a1f37531b,
        type: 2}
      propertyPath: m_AnchorMin.x
      value: 0.1
      objectReference: {fileID: 0}
    - target: {fileID: 224409315723115670, guid: a21dbdc30dfb2cf4388d053a1f37531b,
        type: 2}
      propertyPath: m_AnchorMin.y
      value: 0.33
      objectReference: {fileID: 0}
    - target: {fileID: 224409315723115670, guid: a21dbdc30dfb2cf4388d053a1f37531b,
        type: 2}
      propertyPath: m_AnchorMax.x
      value: 0.9
      objectReference: {fileID: 0}
    - target: {fileID: 224409315723115670, guid: a21dbdc30dfb2cf4388d053a1f37531b,
        type: 2}
      propertyPath: m_AnchorMax.y
      value: 0.66
      objectReference: {fileID: 0}
    - target: {fileID: 224409315723115670, guid: a21dbdc30dfb2cf4388d053a1f37531b,
        type: 2}
      propertyPath: m_Pivot.x
      value: 0.5
      objectReference: {fileID: 0}
    - target: {fileID: 224409315723115670, guid: a21dbdc30dfb2cf4388d053a1f37531b,
        type: 2}
      propertyPath: m_Pivot.y
      value: 0.5
      objectReference: {fileID: 0}
    - target: {fileID: 224697748338266866, guid: a21dbdc30dfb2cf4388d053a1f37531b,
        type: 2}
      propertyPath: m_LocalPosition.y
      value: 0
      objectReference: {fileID: 0}
    - target: {fileID: 224324577266930906, guid: a21dbdc30dfb2cf4388d053a1f37531b,
        type: 2}
      propertyPath: m_LocalPosition.y
      value: 0
      objectReference: {fileID: 0}
    - target: {fileID: 1200529160048920, guid: a21dbdc30dfb2cf4388d053a1f37531b, type: 2}
      propertyPath: m_IsActive
      value: 0
      objectReference: {fileID: 0}
    m_RemovedComponents: []
  m_ParentPrefab: {fileID: 100100000, guid: a21dbdc30dfb2cf4388d053a1f37531b, type: 2}
  m_IsPrefabParent: 0
--- !u!224 &955972831 stripped
RectTransform:
  m_PrefabParentObject: {fileID: 224409315723115670, guid: a21dbdc30dfb2cf4388d053a1f37531b,
    type: 2}
  m_PrefabInternal: {fileID: 955972830}
--- !u!1 &955972832 stripped
GameObject:
  m_PrefabParentObject: {fileID: 1200529160048920, guid: a21dbdc30dfb2cf4388d053a1f37531b,
    type: 2}
  m_PrefabInternal: {fileID: 955972830}
--- !u!1 &1016111966
GameObject:
  m_ObjectHideFlags: 0
  m_PrefabParentObject: {fileID: 0}
  m_PrefabInternal: {fileID: 0}
  serializedVersion: 5
  m_Component:
  - component: {fileID: 1016111967}
  - component: {fileID: 1016111968}
  m_Layer: 0
  m_Name: ScratchTop
  m_TagString: Untagged
  m_Icon: {fileID: 0}
  m_NavMeshLayer: 0
  m_StaticEditorFlags: 0
  m_IsActive: 1
--- !u!4 &1016111967
Transform:
  m_ObjectHideFlags: 0
  m_PrefabParentObject: {fileID: 0}
  m_PrefabInternal: {fileID: 0}
  m_GameObject: {fileID: 1016111966}
  m_LocalRotation: {x: -0, y: -0, z: -0, w: 1}
  m_LocalPosition: {x: 0, y: 3.1818182, z: 0}
  m_LocalScale: {x: 0.90909094, y: 0.90909094, z: 1}
  m_Children: []
  m_Father: {fileID: 394502023}
  m_RootOrder: 0
  m_LocalEulerAnglesHint: {x: 0, y: 0, z: 0}
--- !u!212 &1016111968
SpriteRenderer:
  m_ObjectHideFlags: 0
  m_PrefabParentObject: {fileID: 0}
  m_PrefabInternal: {fileID: 0}
  m_GameObject: {fileID: 1016111966}
  m_Enabled: 1
  m_CastShadows: 0
  m_ReceiveShadows: 0
  m_DynamicOccludee: 1
  m_MotionVectors: 1
  m_LightProbeUsage: 1
  m_ReflectionProbeUsage: 1
  m_RenderingLayerMask: 4294967295
  m_Materials:
  - {fileID: 10754, guid: 0000000000000000f000000000000000, type: 0}
  m_StaticBatchInfo:
    firstSubMesh: 0
    subMeshCount: 0
  m_StaticBatchRoot: {fileID: 0}
  m_ProbeAnchor: {fileID: 0}
  m_LightProbeVolumeOverride: {fileID: 0}
  m_ScaleInLightmap: 1
  m_PreserveUVs: 0
  m_IgnoreNormalsForChartDetection: 0
  m_ImportantGI: 0
  m_StitchLightmapSeams: 0
  m_SelectedEditorRenderState: 0
  m_MinimumChartSize: 4
  m_AutoUVMaxDistance: 0.5
  m_AutoUVMaxAngle: 89
  m_LightmapParameters: {fileID: 0}
  m_SortingLayerID: 0
  m_SortingLayer: 0
  m_SortingOrder: 6
  m_Sprite: {fileID: 21300000, guid: f6b24e10326b4394288b3253646e7de2, type: 3}
  m_Color: {r: 1, g: 1, b: 1, a: 1}
  m_FlipX: 0
  m_FlipY: 0
  m_DrawMode: 0
  m_Size: {x: 30.719997, y: 15.88}
  m_AdaptiveModeThreshold: 0.5
  m_SpriteTileMode: 0
  m_WasSpriteAssigned: 1
  m_MaskInteraction: 2
--- !u!1001 &1038342826
Prefab:
  m_ObjectHideFlags: 0
  serializedVersion: 2
  m_Modification:
    m_TransformParent: {fileID: 2143425750}
    m_Modifications:
    - target: {fileID: 224297000268063138, guid: 7f0952918b5fa254a949b2ba329b053b,
        type: 2}
      propertyPath: m_LocalPosition.x
      value: 0
      objectReference: {fileID: 0}
    - target: {fileID: 224297000268063138, guid: 7f0952918b5fa254a949b2ba329b053b,
        type: 2}
      propertyPath: m_LocalPosition.y
      value: 0
      objectReference: {fileID: 0}
    - target: {fileID: 224297000268063138, guid: 7f0952918b5fa254a949b2ba329b053b,
        type: 2}
      propertyPath: m_LocalPosition.z
      value: 0
      objectReference: {fileID: 0}
    - target: {fileID: 224297000268063138, guid: 7f0952918b5fa254a949b2ba329b053b,
        type: 2}
      propertyPath: m_LocalRotation.x
      value: -0
      objectReference: {fileID: 0}
    - target: {fileID: 224297000268063138, guid: 7f0952918b5fa254a949b2ba329b053b,
        type: 2}
      propertyPath: m_LocalRotation.y
      value: -0
      objectReference: {fileID: 0}
    - target: {fileID: 224297000268063138, guid: 7f0952918b5fa254a949b2ba329b053b,
        type: 2}
      propertyPath: m_LocalRotation.z
      value: -0
      objectReference: {fileID: 0}
    - target: {fileID: 224297000268063138, guid: 7f0952918b5fa254a949b2ba329b053b,
        type: 2}
      propertyPath: m_LocalRotation.w
      value: 1
      objectReference: {fileID: 0}
    - target: {fileID: 224297000268063138, guid: 7f0952918b5fa254a949b2ba329b053b,
        type: 2}
      propertyPath: m_RootOrder
      value: 3
      objectReference: {fileID: 0}
    - target: {fileID: 224297000268063138, guid: 7f0952918b5fa254a949b2ba329b053b,
        type: 2}
      propertyPath: m_AnchoredPosition.x
      value: 0
      objectReference: {fileID: 0}
    - target: {fileID: 224297000268063138, guid: 7f0952918b5fa254a949b2ba329b053b,
        type: 2}
      propertyPath: m_AnchoredPosition.y
      value: 0
      objectReference: {fileID: 0}
    - target: {fileID: 224297000268063138, guid: 7f0952918b5fa254a949b2ba329b053b,
        type: 2}
      propertyPath: m_SizeDelta.x
      value: 0
      objectReference: {fileID: 0}
    - target: {fileID: 224297000268063138, guid: 7f0952918b5fa254a949b2ba329b053b,
        type: 2}
      propertyPath: m_SizeDelta.y
      value: 0
      objectReference: {fileID: 0}
    - target: {fileID: 224297000268063138, guid: 7f0952918b5fa254a949b2ba329b053b,
        type: 2}
      propertyPath: m_AnchorMin.x
      value: 0.2
      objectReference: {fileID: 0}
    - target: {fileID: 224297000268063138, guid: 7f0952918b5fa254a949b2ba329b053b,
        type: 2}
      propertyPath: m_AnchorMin.y
      value: 0.4
      objectReference: {fileID: 0}
    - target: {fileID: 224297000268063138, guid: 7f0952918b5fa254a949b2ba329b053b,
        type: 2}
      propertyPath: m_AnchorMax.x
      value: 0.8
      objectReference: {fileID: 0}
    - target: {fileID: 224297000268063138, guid: 7f0952918b5fa254a949b2ba329b053b,
        type: 2}
      propertyPath: m_AnchorMax.y
      value: 0.6
      objectReference: {fileID: 0}
    - target: {fileID: 224297000268063138, guid: 7f0952918b5fa254a949b2ba329b053b,
        type: 2}
      propertyPath: m_Pivot.x
      value: 0.5
      objectReference: {fileID: 0}
    - target: {fileID: 224297000268063138, guid: 7f0952918b5fa254a949b2ba329b053b,
        type: 2}
      propertyPath: m_Pivot.y
      value: 0.5
      objectReference: {fileID: 0}
    - target: {fileID: 224455743170445404, guid: 7f0952918b5fa254a949b2ba329b053b,
        type: 2}
      propertyPath: m_LocalPosition.y
      value: 0
      objectReference: {fileID: 0}
    - target: {fileID: 224425967159683326, guid: 7f0952918b5fa254a949b2ba329b053b,
        type: 2}
      propertyPath: m_LocalPosition.y
      value: 0
      objectReference: {fileID: 0}
    m_RemovedComponents: []
  m_ParentPrefab: {fileID: 100100000, guid: 7f0952918b5fa254a949b2ba329b053b, type: 2}
  m_IsPrefabParent: 0
--- !u!224 &1038342827 stripped
RectTransform:
  m_PrefabParentObject: {fileID: 224297000268063138, guid: 7f0952918b5fa254a949b2ba329b053b,
    type: 2}
  m_PrefabInternal: {fileID: 1038342826}
--- !u!1 &1038342828 stripped
GameObject:
  m_PrefabParentObject: {fileID: 1370917549244692, guid: 7f0952918b5fa254a949b2ba329b053b,
    type: 2}
  m_PrefabInternal: {fileID: 1038342826}
--- !u!1 &1101619519
GameObject:
  m_ObjectHideFlags: 0
  m_PrefabParentObject: {fileID: 0}
  m_PrefabInternal: {fileID: 0}
  serializedVersion: 5
  m_Component:
  - component: {fileID: 1101619521}
  - component: {fileID: 1101619520}
  m_Layer: 0
  m_Name: winner/loserBox
  m_TagString: Untagged
  m_Icon: {fileID: 0}
  m_NavMeshLayer: 0
  m_StaticEditorFlags: 0
  m_IsActive: 1
--- !u!212 &1101619520
SpriteRenderer:
  m_ObjectHideFlags: 0
  m_PrefabParentObject: {fileID: 0}
  m_PrefabInternal: {fileID: 0}
  m_GameObject: {fileID: 1101619519}
  m_Enabled: 1
  m_CastShadows: 0
  m_ReceiveShadows: 0
  m_DynamicOccludee: 1
  m_MotionVectors: 1
  m_LightProbeUsage: 1
  m_ReflectionProbeUsage: 1
  m_RenderingLayerMask: 4294967295
  m_Materials:
  - {fileID: 10754, guid: 0000000000000000f000000000000000, type: 0}
  m_StaticBatchInfo:
    firstSubMesh: 0
    subMeshCount: 0
  m_StaticBatchRoot: {fileID: 0}
  m_ProbeAnchor: {fileID: 0}
  m_LightProbeVolumeOverride: {fileID: 0}
  m_ScaleInLightmap: 1
  m_PreserveUVs: 0
  m_IgnoreNormalsForChartDetection: 0
  m_ImportantGI: 0
  m_StitchLightmapSeams: 0
  m_SelectedEditorRenderState: 0
  m_MinimumChartSize: 4
  m_AutoUVMaxDistance: 0.5
  m_AutoUVMaxAngle: 89
  m_LightmapParameters: {fileID: 0}
  m_SortingLayerID: 0
  m_SortingLayer: 0
  m_SortingOrder: 1
  m_Sprite: {fileID: 21300000, guid: c475759b3e4833743b54ff8ad9f318fa, type: 3}
  m_Color: {r: 1, g: 1, b: 1, a: 1}
  m_FlipX: 0
  m_FlipY: 1
  m_DrawMode: 0
  m_Size: {x: 2.31, y: 2.84}
  m_AdaptiveModeThreshold: 0.5
  m_SpriteTileMode: 0
  m_WasSpriteAssigned: 1
  m_MaskInteraction: 0
--- !u!4 &1101619521
Transform:
  m_ObjectHideFlags: 0
  m_PrefabParentObject: {fileID: 0}
  m_PrefabInternal: {fileID: 0}
  m_GameObject: {fileID: 1101619519}
  m_LocalRotation: {x: 0, y: 0, z: 0, w: 1}
  m_LocalPosition: {x: 0, y: 0, z: 0}
  m_LocalScale: {x: 1.1, y: 1.1, z: 1}
  m_Children:
  - {fileID: 1735823536}
  - {fileID: 768632005}
  - {fileID: 458164658}
  m_Father: {fileID: 0}
  m_RootOrder: 2
  m_LocalEulerAnglesHint: {x: 0, y: 0, z: 0}
--- !u!1001 &1111802296
Prefab:
  m_ObjectHideFlags: 0
  serializedVersion: 2
  m_Modification:
    m_TransformParent: {fileID: 2143425750}
    m_Modifications:
    - target: {fileID: 224650213237361610, guid: 7736f4bf92061494db3c1b23f15ccd01,
        type: 2}
      propertyPath: m_LocalPosition.x
      value: 0
      objectReference: {fileID: 0}
    - target: {fileID: 224650213237361610, guid: 7736f4bf92061494db3c1b23f15ccd01,
        type: 2}
      propertyPath: m_LocalPosition.y
      value: 0
      objectReference: {fileID: 0}
    - target: {fileID: 224650213237361610, guid: 7736f4bf92061494db3c1b23f15ccd01,
        type: 2}
      propertyPath: m_LocalPosition.z
      value: 0
      objectReference: {fileID: 0}
    - target: {fileID: 224650213237361610, guid: 7736f4bf92061494db3c1b23f15ccd01,
        type: 2}
      propertyPath: m_LocalRotation.x
      value: -0
      objectReference: {fileID: 0}
    - target: {fileID: 224650213237361610, guid: 7736f4bf92061494db3c1b23f15ccd01,
        type: 2}
      propertyPath: m_LocalRotation.y
      value: -0
      objectReference: {fileID: 0}
    - target: {fileID: 224650213237361610, guid: 7736f4bf92061494db3c1b23f15ccd01,
        type: 2}
      propertyPath: m_LocalRotation.z
      value: -0
      objectReference: {fileID: 0}
    - target: {fileID: 224650213237361610, guid: 7736f4bf92061494db3c1b23f15ccd01,
        type: 2}
      propertyPath: m_LocalRotation.w
      value: 1
      objectReference: {fileID: 0}
    - target: {fileID: 224650213237361610, guid: 7736f4bf92061494db3c1b23f15ccd01,
        type: 2}
      propertyPath: m_RootOrder
      value: 4
      objectReference: {fileID: 0}
    - target: {fileID: 224650213237361610, guid: 7736f4bf92061494db3c1b23f15ccd01,
        type: 2}
      propertyPath: m_AnchoredPosition.x
      value: 0
      objectReference: {fileID: 0}
    - target: {fileID: 224650213237361610, guid: 7736f4bf92061494db3c1b23f15ccd01,
        type: 2}
      propertyPath: m_AnchoredPosition.y
      value: 0
      objectReference: {fileID: 0}
    - target: {fileID: 224650213237361610, guid: 7736f4bf92061494db3c1b23f15ccd01,
        type: 2}
      propertyPath: m_SizeDelta.x
      value: 0
      objectReference: {fileID: 0}
    - target: {fileID: 224650213237361610, guid: 7736f4bf92061494db3c1b23f15ccd01,
        type: 2}
      propertyPath: m_SizeDelta.y
      value: 0
      objectReference: {fileID: 0}
    - target: {fileID: 224650213237361610, guid: 7736f4bf92061494db3c1b23f15ccd01,
        type: 2}
      propertyPath: m_AnchorMin.x
      value: 0.2
      objectReference: {fileID: 0}
    - target: {fileID: 224650213237361610, guid: 7736f4bf92061494db3c1b23f15ccd01,
        type: 2}
      propertyPath: m_AnchorMin.y
      value: 0.4
      objectReference: {fileID: 0}
    - target: {fileID: 224650213237361610, guid: 7736f4bf92061494db3c1b23f15ccd01,
        type: 2}
      propertyPath: m_AnchorMax.x
      value: 0.8
      objectReference: {fileID: 0}
    - target: {fileID: 224650213237361610, guid: 7736f4bf92061494db3c1b23f15ccd01,
        type: 2}
      propertyPath: m_AnchorMax.y
      value: 0.6
      objectReference: {fileID: 0}
    - target: {fileID: 224650213237361610, guid: 7736f4bf92061494db3c1b23f15ccd01,
        type: 2}
      propertyPath: m_Pivot.x
      value: 0.5
      objectReference: {fileID: 0}
    - target: {fileID: 224650213237361610, guid: 7736f4bf92061494db3c1b23f15ccd01,
        type: 2}
      propertyPath: m_Pivot.y
      value: 0.5
      objectReference: {fileID: 0}
    - target: {fileID: 224843064326761382, guid: 7736f4bf92061494db3c1b23f15ccd01,
        type: 2}
      propertyPath: m_LocalPosition.y
      value: 0
      objectReference: {fileID: 0}
    - target: {fileID: 224170801588914254, guid: 7736f4bf92061494db3c1b23f15ccd01,
        type: 2}
      propertyPath: m_LocalPosition.y
      value: 0
      objectReference: {fileID: 0}
    - target: {fileID: 1897279848634246, guid: 7736f4bf92061494db3c1b23f15ccd01, type: 2}
      propertyPath: m_IsActive
      value: 0
      objectReference: {fileID: 0}
    m_RemovedComponents: []
  m_ParentPrefab: {fileID: 100100000, guid: 7736f4bf92061494db3c1b23f15ccd01, type: 2}
  m_IsPrefabParent: 0
--- !u!224 &1111802297 stripped
RectTransform:
  m_PrefabParentObject: {fileID: 224650213237361610, guid: 7736f4bf92061494db3c1b23f15ccd01,
    type: 2}
  m_PrefabInternal: {fileID: 1111802296}
--- !u!1 &1111802298 stripped
GameObject:
  m_PrefabParentObject: {fileID: 1897279848634246, guid: 7736f4bf92061494db3c1b23f15ccd01,
    type: 2}
  m_PrefabInternal: {fileID: 1111802296}
--- !u!1 &1217231542
GameObject:
  m_ObjectHideFlags: 0
  m_PrefabParentObject: {fileID: 0}
  m_PrefabInternal: {fileID: 0}
  serializedVersion: 5
  m_Component:
  - component: {fileID: 1217231545}
  - component: {fileID: 1217231544}
  - component: {fileID: 1217231543}
  m_Layer: 0
  m_Name: EventSystem
  m_TagString: Untagged
  m_Icon: {fileID: 0}
  m_NavMeshLayer: 0
  m_StaticEditorFlags: 0
  m_IsActive: 1
--- !u!114 &1217231543
MonoBehaviour:
  m_ObjectHideFlags: 0
  m_PrefabParentObject: {fileID: 0}
  m_PrefabInternal: {fileID: 0}
  m_GameObject: {fileID: 1217231542}
  m_Enabled: 1
  m_EditorHideFlags: 0
  m_Script: {fileID: 1077351063, guid: f70555f144d8491a825f0804e09c671c, type: 3}
  m_Name: 
  m_EditorClassIdentifier: 
  m_HorizontalAxis: Horizontal
  m_VerticalAxis: Vertical
  m_SubmitButton: Submit
  m_CancelButton: Cancel
  m_InputActionsPerSecond: 10
  m_RepeatDelay: 0.5
  m_ForceModuleActive: 0
--- !u!114 &1217231544
MonoBehaviour:
  m_ObjectHideFlags: 0
  m_PrefabParentObject: {fileID: 0}
  m_PrefabInternal: {fileID: 0}
  m_GameObject: {fileID: 1217231542}
  m_Enabled: 1
  m_EditorHideFlags: 0
  m_Script: {fileID: -619905303, guid: f70555f144d8491a825f0804e09c671c, type: 3}
  m_Name: 
  m_EditorClassIdentifier: 
  m_FirstSelected: {fileID: 0}
  m_sendNavigationEvents: 1
  m_DragThreshold: 5
--- !u!4 &1217231545
Transform:
  m_ObjectHideFlags: 0
  m_PrefabParentObject: {fileID: 0}
  m_PrefabInternal: {fileID: 0}
  m_GameObject: {fileID: 1217231542}
  m_LocalRotation: {x: 0, y: 0, z: 0, w: 1}
  m_LocalPosition: {x: 0, y: 0, z: 0}
  m_LocalScale: {x: 1, y: 1, z: 1}
  m_Children: []
  m_Father: {fileID: 0}
  m_RootOrder: 7
  m_LocalEulerAnglesHint: {x: 0, y: 0, z: 0}
--- !u!1 &1296441632
GameObject:
  m_ObjectHideFlags: 0
  m_PrefabParentObject: {fileID: 0}
  m_PrefabInternal: {fileID: 0}
  serializedVersion: 5
  m_Component:
  - component: {fileID: 1296441634}
  - component: {fileID: 1296441633}
  m_Layer: 0
  m_Name: Group 2
  m_TagString: Untagged
  m_Icon: {fileID: 0}
  m_NavMeshLayer: 0
  m_StaticEditorFlags: 0
  m_IsActive: 1
--- !u!212 &1296441633
SpriteRenderer:
  m_ObjectHideFlags: 0
  m_PrefabParentObject: {fileID: 0}
  m_PrefabInternal: {fileID: 0}
  m_GameObject: {fileID: 1296441632}
  m_Enabled: 1
  m_CastShadows: 0
  m_ReceiveShadows: 0
  m_DynamicOccludee: 1
  m_MotionVectors: 1
  m_LightProbeUsage: 1
  m_ReflectionProbeUsage: 1
  m_RenderingLayerMask: 4294967295
  m_Materials:
  - {fileID: 10754, guid: 0000000000000000f000000000000000, type: 0}
  m_StaticBatchInfo:
    firstSubMesh: 0
    subMeshCount: 0
  m_StaticBatchRoot: {fileID: 0}
  m_ProbeAnchor: {fileID: 0}
  m_LightProbeVolumeOverride: {fileID: 0}
  m_ScaleInLightmap: 1
  m_PreserveUVs: 0
  m_IgnoreNormalsForChartDetection: 0
  m_ImportantGI: 0
  m_StitchLightmapSeams: 0
  m_SelectedEditorRenderState: 0
  m_MinimumChartSize: 4
  m_AutoUVMaxDistance: 0.5
  m_AutoUVMaxAngle: 89
  m_LightmapParameters: {fileID: 0}
  m_SortingLayerID: 0
  m_SortingLayer: 0
  m_SortingOrder: 6
  m_Sprite: {fileID: 21300000, guid: f2c48eaac29901441a26a68e226ef851, type: 3}
  m_Color: {r: 1, g: 1, b: 1, a: 1}
  m_FlipX: 0
  m_FlipY: 0
  m_DrawMode: 0
  m_Size: {x: 21.48, y: 12.920001}
  m_AdaptiveModeThreshold: 0.5
  m_SpriteTileMode: 0
  m_WasSpriteAssigned: 1
  m_MaskInteraction: 2
--- !u!4 &1296441634
Transform:
  m_ObjectHideFlags: 0
  m_PrefabParentObject: {fileID: 0}
  m_PrefabInternal: {fileID: 0}
  m_GameObject: {fileID: 1296441632}
  m_LocalRotation: {x: -0, y: -0, z: -0, w: 1}
  m_LocalPosition: {x: 0, y: 0, z: 0}
  m_LocalScale: {x: 0.90909094, y: 0.90909094, z: 1}
  m_Children: []
  m_Father: {fileID: 394502023}
  m_RootOrder: 1
  m_LocalEulerAnglesHint: {x: 0, y: 0, z: 0}
--- !u!1001 &1549251448
Prefab:
  m_ObjectHideFlags: 0
  serializedVersion: 2
  m_Modification:
    m_TransformParent: {fileID: 2143425750}
    m_Modifications:
    - target: {fileID: 224024651730131140, guid: 8182753cfce6fb44fbed98edf6a98ee7,
        type: 2}
      propertyPath: m_LocalPosition.x
      value: 0
      objectReference: {fileID: 0}
    - target: {fileID: 224024651730131140, guid: 8182753cfce6fb44fbed98edf6a98ee7,
        type: 2}
      propertyPath: m_LocalPosition.y
      value: 0
      objectReference: {fileID: 0}
    - target: {fileID: 224024651730131140, guid: 8182753cfce6fb44fbed98edf6a98ee7,
        type: 2}
      propertyPath: m_LocalPosition.z
      value: 0
      objectReference: {fileID: 0}
    - target: {fileID: 224024651730131140, guid: 8182753cfce6fb44fbed98edf6a98ee7,
        type: 2}
      propertyPath: m_LocalRotation.x
      value: 0
      objectReference: {fileID: 0}
    - target: {fileID: 224024651730131140, guid: 8182753cfce6fb44fbed98edf6a98ee7,
        type: 2}
      propertyPath: m_LocalRotation.y
      value: 0
      objectReference: {fileID: 0}
    - target: {fileID: 224024651730131140, guid: 8182753cfce6fb44fbed98edf6a98ee7,
        type: 2}
      propertyPath: m_LocalRotation.z
      value: 0
      objectReference: {fileID: 0}
    - target: {fileID: 224024651730131140, guid: 8182753cfce6fb44fbed98edf6a98ee7,
        type: 2}
      propertyPath: m_LocalRotation.w
      value: 1
      objectReference: {fileID: 0}
    - target: {fileID: 224024651730131140, guid: 8182753cfce6fb44fbed98edf6a98ee7,
        type: 2}
      propertyPath: m_RootOrder
      value: 0
      objectReference: {fileID: 0}
    - target: {fileID: 224024651730131140, guid: 8182753cfce6fb44fbed98edf6a98ee7,
        type: 2}
      propertyPath: m_AnchoredPosition.x
      value: 0
      objectReference: {fileID: 0}
    - target: {fileID: 224024651730131140, guid: 8182753cfce6fb44fbed98edf6a98ee7,
        type: 2}
      propertyPath: m_AnchoredPosition.y
      value: 0
      objectReference: {fileID: 0}
    - target: {fileID: 224024651730131140, guid: 8182753cfce6fb44fbed98edf6a98ee7,
        type: 2}
      propertyPath: m_SizeDelta.x
      value: 0
      objectReference: {fileID: 0}
    - target: {fileID: 224024651730131140, guid: 8182753cfce6fb44fbed98edf6a98ee7,
        type: 2}
      propertyPath: m_SizeDelta.y
      value: 0
      objectReference: {fileID: 0}
    - target: {fileID: 224024651730131140, guid: 8182753cfce6fb44fbed98edf6a98ee7,
        type: 2}
      propertyPath: m_AnchorMin.x
      value: 0.1
      objectReference: {fileID: 0}
    - target: {fileID: 224024651730131140, guid: 8182753cfce6fb44fbed98edf6a98ee7,
        type: 2}
      propertyPath: m_AnchorMin.y
      value: 0.2
      objectReference: {fileID: 0}
    - target: {fileID: 224024651730131140, guid: 8182753cfce6fb44fbed98edf6a98ee7,
        type: 2}
      propertyPath: m_AnchorMax.x
      value: 0.9
      objectReference: {fileID: 0}
    - target: {fileID: 224024651730131140, guid: 8182753cfce6fb44fbed98edf6a98ee7,
        type: 2}
      propertyPath: m_AnchorMax.y
      value: 0.8
      objectReference: {fileID: 0}
    - target: {fileID: 224024651730131140, guid: 8182753cfce6fb44fbed98edf6a98ee7,
        type: 2}
      propertyPath: m_Pivot.x
      value: 0.5
      objectReference: {fileID: 0}
    - target: {fileID: 224024651730131140, guid: 8182753cfce6fb44fbed98edf6a98ee7,
        type: 2}
      propertyPath: m_Pivot.y
      value: 0.5
      objectReference: {fileID: 0}
    - target: {fileID: 224805466295260954, guid: 8182753cfce6fb44fbed98edf6a98ee7,
        type: 2}
      propertyPath: m_LocalPosition.y
      value: 0
      objectReference: {fileID: 0}
    - target: {fileID: 114658225335987312, guid: 8182753cfce6fb44fbed98edf6a98ee7,
        type: 2}
      propertyPath: m_OnClick.m_PersistentCalls.m_Calls.Array.data[0].m_Target
      value: 
      objectReference: {fileID: 0}
    - target: {fileID: 114658225335987312, guid: 8182753cfce6fb44fbed98edf6a98ee7,
        type: 2}
      propertyPath: m_OnClick.m_PersistentCalls.m_Calls.Array.data[1].m_Target
      value: 
      objectReference: {fileID: 874801359}
    - target: {fileID: 114046228849722426, guid: 8182753cfce6fb44fbed98edf6a98ee7,
        type: 2}
      propertyPath: m_OnEndEdit.m_PersistentCalls.m_Calls.Array.data[0].m_Target
      value: 
      objectReference: {fileID: 0}
    - target: {fileID: 224653122865647790, guid: 8182753cfce6fb44fbed98edf6a98ee7,
        type: 2}
      propertyPath: m_LocalPosition.y
      value: 0
      objectReference: {fileID: 0}
    - target: {fileID: 224551792351355612, guid: 8182753cfce6fb44fbed98edf6a98ee7,
        type: 2}
      propertyPath: m_LocalPosition.y
      value: 0
      objectReference: {fileID: 0}
    - target: {fileID: 224558594667516988, guid: 8182753cfce6fb44fbed98edf6a98ee7,
        type: 2}
      propertyPath: m_LocalPosition.y
      value: 0
      objectReference: {fileID: 0}
    - target: {fileID: 1433481599900184, guid: 8182753cfce6fb44fbed98edf6a98ee7, type: 2}
      propertyPath: m_IsActive
      value: 0
      objectReference: {fileID: 0}
    - target: {fileID: 114046228849722426, guid: 8182753cfce6fb44fbed98edf6a98ee7,
        type: 2}
      propertyPath: m_OnEndEdit.m_PersistentCalls.m_Calls.Array.data[0].m_MethodName
      value: EnteredEmail
      objectReference: {fileID: 0}
    - target: {fileID: 114658225335987312, guid: 8182753cfce6fb44fbed98edf6a98ee7,
        type: 2}
      propertyPath: m_OnClick.m_PersistentCalls.m_Calls.Array.data[0].m_MethodName
      value: SendCoupon
      objectReference: {fileID: 0}
    - target: {fileID: 114658225335987312, guid: 8182753cfce6fb44fbed98edf6a98ee7,
        type: 2}
      propertyPath: m_OnClick.m_PersistentCalls.m_Calls.Array.data[1].m_MethodName
      value: EnableExitButton
      objectReference: {fileID: 0}
    m_RemovedComponents: []
  m_ParentPrefab: {fileID: 100100000, guid: 8182753cfce6fb44fbed98edf6a98ee7, type: 2}
  m_IsPrefabParent: 0
--- !u!224 &1549251449 stripped
RectTransform:
  m_PrefabParentObject: {fileID: 224024651730131140, guid: 8182753cfce6fb44fbed98edf6a98ee7,
    type: 2}
  m_PrefabInternal: {fileID: 1549251448}
--- !u!1 &1549251450 stripped
GameObject:
  m_PrefabParentObject: {fileID: 1433481599900184, guid: 8182753cfce6fb44fbed98edf6a98ee7,
    type: 2}
  m_PrefabInternal: {fileID: 1549251448}
--- !u!114 &1549251451 stripped
MonoBehaviour:
  m_PrefabParentObject: {fileID: 114046228849722426, guid: 8182753cfce6fb44fbed98edf6a98ee7,
    type: 2}
  m_PrefabInternal: {fileID: 1549251448}
  m_Script: {fileID: 575553740, guid: f70555f144d8491a825f0804e09c671c, type: 3}
--- !u!1 &1712501722
GameObject:
  m_ObjectHideFlags: 0
  m_PrefabParentObject: {fileID: 0}
  m_PrefabInternal: {fileID: 0}
  serializedVersion: 5
  m_Component:
  - component: {fileID: 1712501723}
  - component: {fileID: 1712501724}
  m_Layer: 0
  m_Name: DailyMessage
  m_TagString: Untagged
  m_Icon: {fileID: 0}
  m_NavMeshLayer: 0
  m_StaticEditorFlags: 0
  m_IsActive: 1
--- !u!4 &1712501723
Transform:
  m_ObjectHideFlags: 0
  m_PrefabParentObject: {fileID: 0}
  m_PrefabInternal: {fileID: 0}
  m_GameObject: {fileID: 1712501722}
  m_LocalRotation: {x: -0, y: -0, z: -0, w: 1}
  m_LocalPosition: {x: 0, y: -3.6363637, z: 0}
  m_LocalScale: {x: 0.90909094, y: 0.90909094, z: 1}
  m_Children: []
  m_Father: {fileID: 394502023}
  m_RootOrder: 2
  m_LocalEulerAnglesHint: {x: 0, y: 0, z: 0}
--- !u!212 &1712501724
SpriteRenderer:
  m_ObjectHideFlags: 0
  m_PrefabParentObject: {fileID: 0}
  m_PrefabInternal: {fileID: 0}
  m_GameObject: {fileID: 1712501722}
  m_Enabled: 1
  m_CastShadows: 0
  m_ReceiveShadows: 0
  m_DynamicOccludee: 1
  m_MotionVectors: 1
  m_LightProbeUsage: 1
  m_ReflectionProbeUsage: 1
  m_RenderingLayerMask: 4294967295
  m_Materials:
  - {fileID: 10754, guid: 0000000000000000f000000000000000, type: 0}
  m_StaticBatchInfo:
    firstSubMesh: 0
    subMeshCount: 0
  m_StaticBatchRoot: {fileID: 0}
  m_ProbeAnchor: {fileID: 0}
  m_LightProbeVolumeOverride: {fileID: 0}
  m_ScaleInLightmap: 1
  m_PreserveUVs: 0
  m_IgnoreNormalsForChartDetection: 0
  m_ImportantGI: 0
  m_StitchLightmapSeams: 0
  m_SelectedEditorRenderState: 0
  m_MinimumChartSize: 4
  m_AutoUVMaxDistance: 0.5
  m_AutoUVMaxAngle: 89
  m_LightmapParameters: {fileID: 0}
  m_SortingLayerID: 0
  m_SortingLayer: 0
  m_SortingOrder: 6
  m_Sprite: {fileID: 21300000, guid: cbaf54759a067b64b875b55388629a1e, type: 3}
  m_Color: {r: 1, g: 1, b: 1, a: 1}
  m_FlipX: 0
  m_FlipY: 0
  m_DrawMode: 0
  m_Size: {x: 19.52, y: 5.8}
  m_AdaptiveModeThreshold: 0.5
  m_SpriteTileMode: 0
  m_WasSpriteAssigned: 1
  m_MaskInteraction: 2
--- !u!1 &1735823534
GameObject:
  m_ObjectHideFlags: 0
  m_PrefabParentObject: {fileID: 0}
  m_PrefabInternal: {fileID: 0}
  serializedVersion: 5
  m_Component:
  - component: {fileID: 1735823536}
  - component: {fileID: 1735823535}
  m_Layer: 0
  m_Name: Win/Lose
  m_TagString: Untagged
  m_Icon: {fileID: 0}
  m_NavMeshLayer: 0
  m_StaticEditorFlags: 0
  m_IsActive: 1
--- !u!212 &1735823535
SpriteRenderer:
  m_ObjectHideFlags: 0
  m_PrefabParentObject: {fileID: 0}
  m_PrefabInternal: {fileID: 0}
  m_GameObject: {fileID: 1735823534}
  m_Enabled: 1
  m_CastShadows: 0
  m_ReceiveShadows: 0
  m_DynamicOccludee: 1
  m_MotionVectors: 1
  m_LightProbeUsage: 1
  m_ReflectionProbeUsage: 1
  m_RenderingLayerMask: 4294967295
  m_Materials:
  - {fileID: 10754, guid: 0000000000000000f000000000000000, type: 0}
  m_StaticBatchInfo:
    firstSubMesh: 0
    subMeshCount: 0
  m_StaticBatchRoot: {fileID: 0}
  m_ProbeAnchor: {fileID: 0}
  m_LightProbeVolumeOverride: {fileID: 0}
  m_ScaleInLightmap: 1
  m_PreserveUVs: 0
  m_IgnoreNormalsForChartDetection: 0
  m_ImportantGI: 0
  m_StitchLightmapSeams: 0
  m_SelectedEditorRenderState: 0
  m_MinimumChartSize: 4
  m_AutoUVMaxDistance: 0.5
  m_AutoUVMaxAngle: 89
  m_LightmapParameters: {fileID: 0}
  m_SortingLayerID: 0
  m_SortingLayer: 0
  m_SortingOrder: 2
  m_Sprite: {fileID: 21300000, guid: 76d4796b49080de458c190291a6e7b9b, type: 3}
  m_Color: {r: 1, g: 1, b: 1, a: 1}
  m_FlipX: 0
  m_FlipY: 0
  m_DrawMode: 0
  m_Size: {x: 27.599998, y: 13.08}
  m_AdaptiveModeThreshold: 0.5
  m_SpriteTileMode: 0
  m_WasSpriteAssigned: 1
  m_MaskInteraction: 0
--- !u!4 &1735823536
Transform:
  m_ObjectHideFlags: 0
  m_PrefabParentObject: {fileID: 0}
  m_PrefabInternal: {fileID: 0}
  m_GameObject: {fileID: 1735823534}
  m_LocalRotation: {x: -0, y: -0, z: -0, w: 1}
  m_LocalPosition: {x: 0, y: 0, z: 0}
  m_LocalScale: {x: 0.90909094, y: 0.90909094, z: 1}
  m_Children: []
  m_Father: {fileID: 1101619521}
  m_RootOrder: 0
  m_LocalEulerAnglesHint: {x: 0, y: 0, z: 0}
--- !u!1 &1748543098
GameObject:
  m_ObjectHideFlags: 0
  m_PrefabParentObject: {fileID: 0}
  m_PrefabInternal: {fileID: 0}
  serializedVersion: 5
  m_Component:
  - component: {fileID: 1748543100}
  - component: {fileID: 1748543099}
  m_Layer: 0
  m_Name: RevealMask
  m_TagString: Untagged
  m_Icon: {fileID: 0}
  m_NavMeshLayer: 0
  m_StaticEditorFlags: 0
  m_IsActive: 0
--- !u!331 &1748543099
SpriteMask:
  m_ObjectHideFlags: 0
  m_PrefabParentObject: {fileID: 0}
  m_PrefabInternal: {fileID: 0}
  m_GameObject: {fileID: 1748543098}
  m_Enabled: 1
  m_CastShadows: 1
  m_ReceiveShadows: 1
  m_DynamicOccludee: 1
  m_MotionVectors: 1
  m_LightProbeUsage: 1
  m_ReflectionProbeUsage: 1
  m_RenderingLayerMask: 4294967295
  m_Materials:
  - {fileID: 10758, guid: 0000000000000000f000000000000000, type: 0}
  m_StaticBatchInfo:
    firstSubMesh: 0
    subMeshCount: 0
  m_StaticBatchRoot: {fileID: 0}
  m_ProbeAnchor: {fileID: 0}
  m_LightProbeVolumeOverride: {fileID: 0}
  m_ScaleInLightmap: 1
  m_PreserveUVs: 0
  m_IgnoreNormalsForChartDetection: 0
  m_ImportantGI: 0
  m_StitchLightmapSeams: 0
  m_SelectedEditorRenderState: 3
  m_MinimumChartSize: 4
  m_AutoUVMaxDistance: 0.5
  m_AutoUVMaxAngle: 89
  m_LightmapParameters: {fileID: 0}
  m_SortingLayerID: 0
  m_SortingLayer: 0
  m_SortingOrder: 0
  m_Sprite: {fileID: 21300000, guid: 4d8fd4d5d3ce93d40b6de96a25a638e5, type: 3}
  m_MaskAlphaCutoff: 0.2
  m_FrontSortingLayerID: 0
  m_BackSortingLayerID: 0
  m_FrontSortingLayer: 0
  m_BackSortingLayer: 0
  m_FrontSortingOrder: 0
  m_BackSortingOrder: 0
  m_IsCustomRangeActive: 0
--- !u!4 &1748543100
Transform:
  m_ObjectHideFlags: 0
  m_PrefabParentObject: {fileID: 0}
  m_PrefabInternal: {fileID: 0}
  m_GameObject: {fileID: 1748543098}
  m_LocalRotation: {x: 0, y: 0, z: 0, w: 1}
  m_LocalPosition: {x: 0, y: 0, z: 0}
  m_LocalScale: {x: 5, y: 5, z: 1}
  m_Children: []
  m_Father: {fileID: 0}
  m_RootOrder: 4
  m_LocalEulerAnglesHint: {x: 0, y: 0, z: 0}
--- !u!1 &1820033418
GameObject:
  m_ObjectHideFlags: 0
  m_PrefabParentObject: {fileID: 0}
  m_PrefabInternal: {fileID: 0}
  serializedVersion: 5
  m_Component:
  - component: {fileID: 1820033420}
  - component: {fileID: 1820033419}
  m_Layer: 0
  m_Name: URLrequests
  m_TagString: Untagged
  m_Icon: {fileID: 0}
  m_NavMeshLayer: 0
  m_StaticEditorFlags: 0
  m_IsActive: 1
--- !u!114 &1820033419
MonoBehaviour:
  m_ObjectHideFlags: 0
  m_PrefabParentObject: {fileID: 0}
  m_PrefabInternal: {fileID: 0}
  m_GameObject: {fileID: 1820033418}
  m_Enabled: 1
  m_EditorHideFlags: 0
  m_Script: {fileID: 11500000, guid: 79a47acd76fad3848b1f45361139128e, type: 3}
  m_Name: 
  m_EditorClassIdentifier: 
  url: https://saloncloudsplus.com/wslottery/lottery_winner/
  lottoIncreaseURL: https://saloncloudsplus.com/wslottery/lottery/
  sID: 185
  enteredEmail: 0
  Useremail: 
  Username: Guest
  random_number: WEB1SALGIFLOT
  textEmail: {fileID: 1549251451}
  InvalidBox: {fileID: 1038342828}
  SuccessBox: {fileID: 1111802298}
  WinnerBox: {fileID: 1549251450}
--- !u!4 &1820033420
Transform:
  m_ObjectHideFlags: 0
  m_PrefabParentObject: {fileID: 0}
  m_PrefabInternal: {fileID: 0}
  m_GameObject: {fileID: 1820033418}
  m_LocalRotation: {x: 0, y: 0, z: 0, w: 1}
  m_LocalPosition: {x: 0, y: 0, z: 0}
  m_LocalScale: {x: 1, y: 1, z: 1}
  m_Children: []
  m_Father: {fileID: 0}
  m_RootOrder: 6
  m_LocalEulerAnglesHint: {x: 0, y: 0, z: 0}
--- !u!1 &2143425746
GameObject:
  m_ObjectHideFlags: 0
  m_PrefabParentObject: {fileID: 0}
  m_PrefabInternal: {fileID: 0}
  serializedVersion: 5
  m_Component:
  - component: {fileID: 2143425750}
  - component: {fileID: 2143425749}
  - component: {fileID: 2143425748}
  - component: {fileID: 2143425747}
  m_Layer: 5
  m_Name: Canvas
  m_TagString: Untagged
  m_Icon: {fileID: 0}
  m_NavMeshLayer: 0
  m_StaticEditorFlags: 0
  m_IsActive: 1
--- !u!114 &2143425747
MonoBehaviour:
  m_ObjectHideFlags: 0
  m_PrefabParentObject: {fileID: 0}
  m_PrefabInternal: {fileID: 0}
  m_GameObject: {fileID: 2143425746}
  m_Enabled: 1
  m_EditorHideFlags: 0
  m_Script: {fileID: 1301386320, guid: f5f67c52d1564df4a8936ccd202a3bd8, type: 3}
  m_Name: 
  m_EditorClassIdentifier: 
  m_IgnoreReversedGraphics: 1
  m_BlockingObjects: 0
  m_BlockingMask:
    serializedVersion: 2
    m_Bits: 4294967295
--- !u!114 &2143425748
MonoBehaviour:
  m_ObjectHideFlags: 0
  m_PrefabParentObject: {fileID: 0}
  m_PrefabInternal: {fileID: 0}
  m_GameObject: {fileID: 2143425746}
  m_Enabled: 1
  m_EditorHideFlags: 0
  m_Script: {fileID: 1980459831, guid: f5f67c52d1564df4a8936ccd202a3bd8, type: 3}
  m_Name: 
  m_EditorClassIdentifier: 
  m_UiScaleMode: 1
  m_ReferencePixelsPerUnit: 100
  m_ScaleFactor: 1
  m_ReferenceResolution: {x: 800, y: 600}
  m_ScreenMatchMode: 0
  m_MatchWidthOrHeight: 0
  m_PhysicalUnit: 3
  m_FallbackScreenDPI: 96
  m_DefaultSpriteDPI: 96
  m_DynamicPixelsPerUnit: 1
--- !u!223 &2143425749
Canvas:
  m_ObjectHideFlags: 0
  m_PrefabParentObject: {fileID: 0}
  m_PrefabInternal: {fileID: 0}
  m_GameObject: {fileID: 2143425746}
  m_Enabled: 1
  serializedVersion: 3
  m_RenderMode: 0
  m_Camera: {fileID: 0}
  m_PlaneDistance: 100
  m_PixelPerfect: 0
  m_ReceivesEvents: 1
  m_OverrideSorting: 0
  m_OverridePixelPerfect: 0
  m_SortingBucketNormalizedSize: 0
  m_AdditionalShaderChannelsFlag: 0
  m_SortingLayerID: 0
  m_SortingOrder: 0
  m_TargetDisplay: 0
--- !u!224 &2143425750
RectTransform:
  m_ObjectHideFlags: 0
  m_PrefabParentObject: {fileID: 0}
  m_PrefabInternal: {fileID: 0}
  m_GameObject: {fileID: 2143425746}
  m_LocalRotation: {x: 0, y: 0, z: 0, w: 1}
  m_LocalPosition: {x: 0, y: 0, z: 0}
  m_LocalScale: {x: 0, y: 0, z: 0}
  m_Children:
  - {fileID: 1549251449}
  - {fileID: 955972831}
  - {fileID: 257461947}
  - {fileID: 1038342827}
  - {fileID: 1111802297}
  - {fileID: 48672362}
  m_Father: {fileID: 0}
  m_RootOrder: 5
  m_LocalEulerAnglesHint: {x: 0, y: 0, z: 0}
  m_AnchorMin: {x: 0, y: 0}
  m_AnchorMax: {x: 0, y: 0}
  m_AnchoredPosition: {x: 0, y: 0}
  m_SizeDelta: {x: 0, y: 0}
  m_Pivot: {x: 0, y: 0}
